{
    "ticker": "WMT",
    "companyName": "Walmart Inc.",
    "fiscalData": [
        {
            "year": 2009,
            "revenue": 377023000000,
            "end": "2008-01-31"
        },
        {
            "year": 2009,
            "revenue": 404374000000,
            "end": "2009-01-31"
        },
        {
            "year": 2010,
            "revenue": 404254000000,
            "end": "2009-01-31"
        },
        {
            "year": 2009,
            "revenue": 408214000000,
            "end": "2010-01-31"
        },
        {
            "year": 2010,
            "revenue": 408085000000,
            "end": "2010-01-31"
        },
        {
            "year": 2011,
            "revenue": 408085000000,
            "end": "2010-01-31"
        },
        {
            "year": 2010,
            "revenue": 421849000000,
            "end": "2011-01-31"
        },
        {
            "year": 2011,
            "revenue": 421849000000,
            "end": "2011-01-31"
        },
        {
            "year": 2012,
            "revenue": 421849000000,
            "end": "2011-01-31"
        },
        {
            "year": 2012,
            "revenue": 104189000000,
            "end": "2011-04-30"
        },
        {
            "year": 2012,
            "revenue": 109366000000,
            "end": "2011-07-31"
        },
        {
            "year": 2012,
            "revenue": 110226000000,
            "end": "2011-10-31"
        },
        {
            "year": 2011,
            "revenue": 446950000000,
            "end": "2012-01-31"
        },
        {
            "year": 2012,
            "revenue": 446950000000,
            "end": "2012-01-31"
        },
        {
            "year": 2013,
            "revenue": 446509000000,
            "end": "2012-01-31"
        },
        {
            "year": 2012,
            "revenue": 123169000000,
            "end": "2012-01-31"
        },
        {
            "year": 2012,
            "revenue": 113018000000,
            "end": "2012-04-30"
        },
        {
            "year": 2013,
            "revenue": 112901000000,
            "end": "2012-04-30"
        },
        {
            "year": 2012,
            "revenue": 114296000000,
            "end": "2012-07-31"
        },
        {
            "year": 2013,
            "revenue": 114174000000,
            "end": "2012-07-31"
        },
        {
            "year": 2012,
            "revenue": 113929000000,
            "end": "2012-10-31"
        },
        {
            "year": 2013,
            "revenue": 113800000000,
            "end": "2012-10-31"
        },
        {
            "year": 2012,
            "revenue": 469162000000,
            "end": "2013-01-31"
        },
        {
            "year": 2013,
            "revenue": 468651000000,
            "end": "2013-01-31"
        },
        {
            "year": 2015,
            "revenue": 468651000000,
            "end": "2013-01-31"
        },
        {
            "year": 2012,
            "revenue": 127919000000,
            "end": "2013-01-31"
        },
        {
            "year": 2013,
            "revenue": 127776000000,
            "end": "2013-01-31"
        },
        {
            "year": 2013,
            "revenue": 114071000000,
            "end": "2013-04-30"
        },
        {
            "year": 2015,
            "revenue": 114071000000,
            "end": "2013-04-30"
        },
        {
            "year": 2013,
            "revenue": 116829000000,
            "end": "2013-07-31"
        },
        {
            "year": 2015,
            "revenue": 116829000000,
            "end": "2013-07-31"
        },
        {
            "year": 2013,
            "revenue": 115688000000,
            "end": "2013-10-31"
        },
        {
            "year": 2015,
            "revenue": 115688000000,
            "end": "2013-10-31"
        },
        {
            "year": 2013,
            "revenue": 476294000000,
            "end": "2014-01-31"
        },
        {
            "year": 2015,
            "revenue": 476294000000,
            "end": "2014-01-31"
        },
        {
            "year": 2016,
            "revenue": 476294000000,
            "end": "2014-01-31"
        },
        {
            "year": 2013,
            "revenue": 129706000000,
            "end": "2014-01-31"
        },
        {
            "year": 2015,
            "revenue": 129706000000,
            "end": "2014-01-31"
        },
        {
            "year": 2015,
            "revenue": 114960000000,
            "end": "2014-04-30"
        },
        {
            "year": 2016,
            "revenue": 114960000000,
            "end": "2014-04-30"
        },
        {
            "year": 2015,
            "revenue": 120125000000,
            "end": "2014-07-31"
        },
        {
            "year": 2016,
            "revenue": 120125000000,
            "end": "2014-07-31"
        },
        {
            "year": 2015,
            "revenue": 119001000000,
            "end": "2014-10-31"
        },
        {
            "year": 2016,
            "revenue": 119001000000,
            "end": "2014-10-31"
        },
        {
            "year": 2015,
            "revenue": 485651000000,
            "end": "2015-01-31"
        },
        {
            "year": 2016,
            "revenue": 485651000000,
            "end": "2015-01-31"
        },
        {
            "year": 2017,
            "revenue": 485651000000,
            "end": "2015-01-31"
        },
        {
            "year": 2015,
            "revenue": 131565000000,
            "end": "2015-01-31"
        },
        {
            "year": 2016,
            "revenue": 131565000000,
            "end": "2015-01-31"
        },
        {
            "year": 2016,
            "revenue": 114826000000,
            "end": "2015-04-30"
        },
        {
            "year": 2017,
            "revenue": 114826000000,
            "end": "2015-04-30"
        },
        {
            "year": 2016,
            "revenue": 120229000000,
            "end": "2015-07-31"
        },
        {
            "year": 2017,
            "revenue": 120229000000,
            "end": "2015-07-31"
        },
        {
            "year": 2016,
            "revenue": 117408000000,
            "end": "2015-10-31"
        },
        {
            "year": 2017,
            "revenue": 117408000000,
            "end": "2015-10-31"
        },
        {
            "year": 2016,
            "revenue": 482130000000,
            "end": "2016-01-31"
        },
        {
            "year": 2017,
            "revenue": 482130000000,
            "end": "2016-01-31"
        },
        {
            "year": 2018,
            "revenue": 482130000000,
            "end": "2016-01-31"
        },
        {
            "year": 2016,
            "revenue": 129667000000,
            "end": "2016-01-31"
        },
        {
            "year": 2017,
            "revenue": 129667000000,
            "end": "2016-01-31"
        },
        {
            "year": 2017,
            "revenue": 115904000000,
            "end": "2016-04-30"
        },
        {
            "year": 2018,
            "revenue": 115904000000,
            "end": "2016-04-30"
        },
        {
            "year": 2017,
            "revenue": 120854000000,
            "end": "2016-07-31"
        },
        {
            "year": 2018,
            "revenue": 120854000000,
            "end": "2016-07-31"
        },
        {
            "year": 2017,
            "revenue": 118179000000,
            "end": "2016-10-31"
        },
        {
            "year": 2018,
            "revenue": 118179000000,
            "end": "2016-10-31"
        },
        {
            "year": 2017,
            "revenue": 485873000000,
            "end": "2017-01-31"
        },
        {
            "year": 2018,
            "revenue": 485873000000,
            "end": "2017-01-31"
        },
        {
            "year": 2019,
            "revenue": 485873000000,
            "end": "2017-01-31"
        },
        {
            "year": 2017,
            "revenue": 130936000000,
            "end": "2017-01-31"
        },
        {
            "year": 2018,
            "revenue": 130936000000,
            "end": "2017-01-31"
        },
        {
            "year": 2018,
            "revenue": 117542000000,
            "end": "2017-04-30"
        },
        {
            "year": 2019,
            "revenue": 117542000000,
            "end": "2017-04-30"
        },
        {
            "year": 2018,
            "revenue": 123355000000,
            "end": "2017-07-31"
        },
        {
            "year": 2019,
            "revenue": 123355000000,
            "end": "2017-07-31"
        },
        {
            "year": 2018,
            "revenue": 123179000000,
            "end": "2017-10-31"
        },
        {
            "year": 2019,
            "revenue": 123179000000,
            "end": "2017-10-31"
        },
        {
            "year": 2018,
            "revenue": 500343000000,
            "end": "2018-01-31"
        },
        {
            "year": 2019,
            "revenue": 500343000000,
            "end": "2018-01-31"
        },
        {
            "year": 2020,
            "revenue": 500343000000,
            "end": "2018-01-31"
        },
        {
            "year": 2018,
            "revenue": 136267000000,
            "end": "2018-01-31"
        },
        {
            "year": 2019,
            "revenue": 136267000000,
            "end": "2018-01-31"
        },
        {
            "year": 2019,
            "revenue": 122690000000,
            "end": "2018-04-30"
        },
        {
            "year": 2020,
            "revenue": 122690000000,
            "end": "2018-04-30"
        },
        {
            "year": 2019,
            "revenue": 128028000000,
            "end": "2018-07-31"
        },
        {
            "year": 2020,
            "revenue": 128028000000,
            "end": "2018-07-31"
        },
        {
            "year": 2019,
            "revenue": 124894000000,
            "end": "2018-10-31"
        },
        {
            "year": 2020,
            "revenue": 124894000000,
            "end": "2018-10-31"
        },
        {
            "year": 2019,
            "revenue": 514405000000,
            "end": "2019-01-31"
        },
        {
            "year": 2020,
            "revenue": 514405000000,
            "end": "2019-01-31"
        },
        {
            "year": 2021,
            "revenue": 514405000000,
            "end": "2019-01-31"
        },
        {
            "year": 2019,
            "revenue": 138793000000,
            "end": "2019-01-31"
        },
        {
            "year": 2020,
            "revenue": 138793000000,
            "end": "2019-01-31"
        },
        {
            "year": 2020,
            "revenue": 123925000000,
            "end": "2019-04-30"
        },
        {
            "year": 2020,
            "revenue": 130377000000,
            "end": "2019-07-31"
        },
        {
            "year": 2020,
            "revenue": 127991000000,
            "end": "2019-10-31"
        },
        {
            "year": 2020,
            "revenue": 523964000000,
            "end": "2020-01-31"
        },
        {
            "year": 2021,
            "revenue": 523964000000,
            "end": "2020-01-31"
        },
        {
            "year": 2022,
            "revenue": 523964000000,
            "end": "2020-01-31"
        },
        {
            "year": 2020,
            "revenue": 141671000000,
            "end": "2020-01-31"
        },
        {
            "year": 2021,
            "revenue": 559151000000,
            "end": "2021-01-31"
        },
        {
            "year": 2022,
            "revenue": 559151000000,
            "end": "2021-01-31"
        },
        {
            "year": 2023,
            "revenue": 559151000000,
            "end": "2021-01-31"
        },
        {
            "year": 2022,
            "revenue": 572754000000,
            "end": "2022-01-31"
        },
        {
            "year": 2023,
            "revenue": 572754000000,
            "end": "2022-01-31"
        },
        {
            "year": 2024,
            "revenue": 572754000000,
            "end": "2022-01-31"
        },
        {
            "year": 2023,
            "revenue": 611289000000,
            "end": "2023-01-31"
        },
        {
            "year": 2024,
            "revenue": 611289000000,
            "end": "2023-01-31"
        },
        {
            "year": 2025,
            "revenue": 611289000000,
            "end": "2023-01-31"
        },
        {
            "year": 2024,
            "revenue": 648125000000,
            "end": "2024-01-31"
        },
        {
            "year": 2025,
            "revenue": 648125000000,
            "end": "2024-01-31"
        },
        {
            "year": 2025,
            "revenue": 680985000000,
            "end": "2025-01-31"
        }
    ]
}